<?xml version="1.0" encoding="UTF-8"?><collection xmlns="http://www.loc.gov/MARC21/slim"><record><leader>00520nam--2200181-u-4500</leader><controlfield tag="001">000054815</controlfield><controlfield tag="002">20161230</controlfield><controlfield tag="005">20161230201051</controlfield><controlfield tag="008">120615s1000------------r-----000-0-fre-d</controlfield><datafield ind1=" " ind2=" " tag="040"><subfield code="a">IFIN-HH</subfield></datafield><datafield ind1=" " ind2=" " tag="041"><subfield code="a">fre</subfield></datafield><datafield ind1=" " ind2=" " tag="080"><subfield code="a">539.171.02:539.172.4(043)</subfield></datafield><datafield ind1="1" ind2=" " tag="100"><subfield code="a">Alix, Michel</subfield></datafield><datafield ind1="1" ind2="0" tag="245"><subfield code="a">Dispositif de mesure des sections efficaces de captures radiatives neutroniques</subfield><subfield code="b">These</subfield><subfield code="c">Michel alix</subfield></datafield><datafield ind1=" " ind2=" " tag="260"><subfield code="a">Boredeaux</subfield><subfield code="b">Universite</subfield><subfield code="c">1975</subfield></datafield><datafield ind1=" " ind2=" " tag="300"><subfield code="a">80P.+PLANSE</subfield></datafield><datafield ind1=" " ind2=" " tag="852"><subfield code="a">44005</subfield><subfield code="c">539.17</subfield></datafield><datafield ind1=" " ind2=" " tag="CAT"><subfield code="a">Sys</subfield><subfield code="c">20120615</subfield><subfield code="h">111149</subfield></datafield></record></collection>